@inproceedings{caseStudy,
    title = {{Case Study, UVic IT Dept}},
    author = {University of Victoria},
    address = {Victoria, BC, Canada},
    url={http://www.ece.uvic.ca/~henrylee/2013/03/03STRA-Case.pdf}
    audience = {international },
    year = {2012},
    month = Jan,
}