@inproceedings{emails,
    title = {{Email Logs, Domain Inc}},
    author = {Email Admin},
    address = {Victoria, BC, Canada},
    url={http://www.ece.uvic.ca/~henrylee/2013/05/05Investigations-Case.pdf}
    audience = {international},
    year = {2012},
    month = Feb,
}
@inproceedings{countries,
    title = {{SRI international, Technical Report}},
    author = {SRI international},
    url={http://mtc.sri.com/Conficker/}
    audience = {international},
    year = {2012},
    month = Jan,
}
