@misc{perseus,
  title = {{Constellation Guide, Perseus}},
  howpublished = {\url{http://www.constellation-guide.com/constellation-list/perseus-constellation/}},
  note = {Accessed: 10/09/2012}
}
@misc{perseusstarmap,
  title = {{Star map, Perseus}},
  howpublished = {\url{http://www.allthesky.com/constellations/perseus/}},
  note = {Accessed: 10/09/2012}
}
@misc{andromedastarmap,
  title = {{Star map, Andromeda}},
  howpublished = {\url{http://www.allthesky.com/constellations/andromeda/}},
  note = {Accessed: 10/09/2012}
}
@misc{perseusmyth,
  title = {{Perseus, Mythology}},
  howpublished = {\url{http://www.ianridpath.com/startales/perseus.htm}},
  note = {Accessed: 10/09/2012}
}
@misc{ringnebula,
  title = {{Perseus, Mythology}},
  howpublished = {\url{http://deepskyobserving.com/Messier/M57.htm}},
  note = {Accessed: 10/09/2012}
}
@misc{cepheusmyth,
 title = {{Cepheus, Mythology}},
 howpublished = {\url{http://www.comfychair.org/~cmbell/myth/cepheus.html}}, 
 note = {Accessed: 10/10/2012}
}