@inproceedings{presentation,
    title = {{Presentation Slides, UVic IT}},
    author = {Eric van Wiltenburg},
    address = {Victoria, BC, Canada},
    url={http://www.ece.uvic.ca/~henrylee/2013/07/07EthicalHacking.pdf},
    audience = {international},
    year = {2012},
    month = Mar,
}
@inproceedings{pcworld,
    title = {{Top 5 Social Engineering Techniques, PC World}},
    author = {Jamey Heary},
    address = {Victoria, BC, Canada},
    url={http://www.pcworld.com/article/182180/top\_5\_social\_engineering\_exploit \_techniques.html},
    audience = {international},
    year = {2012},
    month = Mar,
}
@inproceedings{csrf,
    title = {{Web Hacking Incident Database, Web Application Security Consortium}},
    author = {Web App Sec},
    address = {Victoria, BC, Canada},
    url={http://projects.webappsec.org/w/page/13246995/Web-Hacking-Incident-Database},
    audience = {international},
    year = {2012},
    month = Mar,
}
