@inproceedings{42,
    title = {{Court Documents, Kim Dotcom and Megaupload}},
    author = {Virginia State Courthouses},
    address = {Virginia, USA},
    url={http://online.wsj.com/article/SB10001424052970204616504577171180266957116.html}
    audience = {international },
    year = {2012},
    month = Jan,
}
@inproceedings{43,
    title = {{Interviews with Kim Dotcom}},
    author = {TIME Magazine},
    url={http://newsfeed.time.com/2012/03/03/kim-dotcom-gives-first-interview-the-5-best-quotes/}
    audience = {international },
    year = {2012},
    month = Jan,
}
@inproceedings{44,
    title = {{Kim Dotcom}},
    author = {Msn.com},
    url={http://news.ninemsn.com.au/world/2013/01/22/13/01/dotcom-apologises-to-mega-users}
    audience = {international },
    year = {2012},
    month = Jan,
}
