@inproceedings{slides,
    title = {{Presentation Slides, UVic Software Engineering}},
    author = {Steven Radin},
    address = {Victoria, BC, Canada},
    url={http://www.ece.uvic.ca/~henrylee/2013/04/04Monitoring.pdf}
    audience = {international},
    year = {2012},
    month = Jan,
}
@inproceedings{countries,
    title = {{SRI international, Technical Report}},
    author = {SRI international},
    url={http://mtc.sri.com/Conficker/}
    audience = {international},
    year = {2012},
    month = Jan,
}
