@article{fluri,
 author = {fluri, Beat and Wuersch, Michael and PInzger, Martin and Gall, Harald},
 title = {Change Distilling: Tree Differencing for Fine-Grained Source Code Change Extraction},
 journal = {IEEE Trans. Softw. Eng.},
 issue_date = {November 2007},
 volume = {33},
 number = {11},
 month = nov,
 year = {2007},
 issn = {0098-5589},
 pages = {725--743},
 numpages = {19},
 url = {http://dx.doi.org/10.1109/TSE.2007.70731},
 doi = {10.1109/TSE.2007.70731},
 acmid = {1314081},
 publisher = {IEEE Press},
 address = {Piscataway, NJ, USA},
 keywords = {Source code change extraction, Source code change extraction, tree differencing algorithms, software repositories, software evolution analysis, software evolution analysis, software repositories, tree differencing algorithms},
} 