@inproceedings{owaspstride,
    title = {{OWasp Threat Modeling Guide}},
    author = {OWasp},
    url={https://www.owasp.org/index.php/Application\_Threat\_Modeling\#STRIDE},
    audience = {international},
    year = {2012},
    month = Mar,
}
@inproceedings{owaspdread,
    title = {{OWasp DREAD Threat Risk Ranking Model}},
    author = {OWasp},
    url={https://www.owasp.org/index.php/Application\_Threat\_Modeling\#DREAD},
    audience = {international},
    year = {2012},
    month = Mar,
}
@inproceedings{stolentax,
    title = {{Stolen Password Led to South Carolina Tax Breach}},
    author = {BankInfoSecurity.com},
    url={http://www.bankinfosecurity.com/stolen-password-led-to-south-carolina-tax-breach-a-5309/op-1},
    audience = {international},
    year = {2012},
    month = Mar,
}
@inproceedings{spec,
    title = {{Case Study, Biergarten}},
    author = {Andrew Law},
    url={http://www.ece.uvic.ca/~henrylee/2013/08/08AppSecurity-Case.pdf},
    audience = {international},
    year = {2012},
    month = Mar,
}
@inproceedings{owasptopten,
    title = {{OWASP Top Ten Vulnerabilities, 2010}},
    author = {OWASP},
    url={https://www.owasp.org/index.php/Top\_10\_2010-Main},
    audience = {international},
    year = {2012},
    month = Mar,
}
@inproceedings{xss,
    title = {{OWASP XSS Cheat Sheet}},
    author = {OWASP},
    url={https://www.owasp.org/index.php/XSS\_Filter\_Evasion\_Cheat\_Sheet},
    audience = {international},
    year = {2012},
    month = Mar,
}